<collection xmlns="http://www.loc.gov/MARC21/slim">
<record>
  <leader>00315na 0a22000971i 450 </leader>
  <controlfield tag="001">IT\ICCU\CNCE\053065</controlfield>
  <controlfield tag="005">20071001000000.0</controlfield>
  <datafield tag="100" ind1=" " ind2=" ">
    <subfield code="a">20020805             0itac0103    ba</subfield>
  </datafield>
  <datafield tag="101" ind1=" " ind2=" ">
    <subfield code="a">LAT</subfield>
  </datafield>
  <datafield tag="200" ind1="1" ind2=" ">
    <subfield code="a">Farrago libellorum, quos omnium maxime Graecarum literarum candidatis lectu frugiferos fore diximus ...</subfield>
  </datafield>
  <datafield tag="801" ind1=" " ind2="3">
    <subfield code="a">IT</subfield>
    <subfield code="b">ICCU</subfield>
    <subfield code="c">20201115</subfield>
  </datafield>
</record>
</collection>
